@misc{cull2012,
  author={Cull, Barry W.},
  title={Reading revolutions: Online digital text and implications for reading in Academe},
  url={https://firstmonday.org/ojs/index.php/fm/article/view/3340},
  journal={First Monday},
  year={2012},
}

@misc{jabr2013,
  author={Jabr, Ferris},
  title={The Reading Brain in the Digital Age: The Science of Paper Versus Screens},
  url={https://www.scientificamerican.com/article/reading-paper-screens/},
  journal={Scientific American},
  year={2013},
  month={4},
}

@misc{informit2014,
  author={Marga, M. K.},
  title={Are teenagers really keen digital readers?},
  url={https://search.informit.org/doi/10.3316/informit.381519903117510},
  year={2014},
}

@misc{murphy2018,
  author={Murphy, Mark},
  title={Neuroscience Explains Why You Need to Write Down Your Goals If You Actually Want to Achieve Them},
  url={https://www.forbes.com/sites/markmurphy/2018/04/15/neuroscience-explains-why-you-need-to-write-down-your-goals-if-you-actually-want-to-achieve-them/?sh=391b70047905},
  journal={Forbes},
  year={2018},
  month={4},
}

@misc{vanstone2014,
  author={Vanstone, Gavin},
  title={Introductory Psychology Blog},
  url={https://sites.psu.edu/intropsychsp14n3/2014/02/04/pavlov-and-behaviorism/},
  journal={Introductory Psychology Blog S14C},
  year={2014},
  month={2},
}

@article{annisettelafreniere2016,
  author={Annisette, Logan E. and Lafreniere, Kathryn D.},
  title={Social Media, Texting, and Personality: A Test of the Shallowing Hypothesis},
  url={https://www.sciencedirect.com/science/article/pii/S0191886916300988},
  journal={Personality and Individual Differences},
  publisher={Pergamon},
  year={2016},
  month={2},
}

@misc{dimitriadis2016,
  author={Dimitriadis, Claudia},
  title={Omgaan met Digitale Afleiding Bij Pubers: Maak van de Verleiding Een Vermijding!},
  url={https://netwerkmediawijsheid.nl/omgaan-met-digitale-afleiding-bij-pubers-maak-van-de-verleiding-een-vermijding/},
  journal={Netwerk Mediawijsheid},
  year={2016},
  month={4},
}

@misc{Opvattin25:online,
  author = {Henk, Berend},
  title = {Opvattingen van studenten over online leren (op basis van een recente studie)},
  url = {https://www.te-learning.nl/blog/opvattingen-van-studenten-over-online-leren-op-basis-van-een-recente-studie/},
  month = {11},
  year = {2023},
}

@misc{AnnaMTBosman2024,
  author={Bosman, Anna},
  title={Learning to Spell in Second Grade Using the Spelling Checker},
  year={2024},
  month={5},
}

@misc{cull2011,
  author={Cull, Barry W.},
  title={Reading revolutions: Online Digital Text and Implications for Reading in Academe},
  url={https://doi.org/10.5210/fm.v16i6.3340},
  journal={First Monday},
  year={2011},
}

@article{Mangen2013,
  title = {Reading linear texts on paper versus computer screen: Effects on reading comprehension},
  volume = {58},
  ISSN = {0883-0355},
  url = {http://dx.doi.org/10.1016/j.ijer.2012.12.002},
  DOI = {10.1016/j.ijer.2012.12.002},
  journal = {International Journal of Educational Research},
  publisher = {Elsevier BV},
  author = {Mangen,  Anne and Walgermo,  Bente R. and Brønnick,  Kolbjørn},
  year = {2013},
  month = jan,
  pages = {61–68}
}
